<record><leader>00000cas a2200000 a 4500</leader><controlfield tag="001">29186420</controlfield><controlfield tag="008">931023d19661968iluwr ne      0   a0eng c</controlfield><datafield ind1=" " ind2=" " tag="010"><subfield code="a">sn 93057124 </subfield></datafield><datafield ind1=" " ind2=" " tag="040"><subfield code="a">NVF</subfield><subfield code="b">eng</subfield><subfield code="c">NVF</subfield><subfield code="d">CVF</subfield><subfield code="d">OCL</subfield><subfield code="d">OCLCQ</subfield><subfield code="d">OCLCF</subfield><subfield code="d">NVF</subfield><subfield code="d">OCLCO</subfield></datafield><datafield ind1="1" ind2=" " tag="029"><subfield code="a">AU@</subfield><subfield code="b">000022176733</subfield></datafield><datafield ind1=" " ind2=" " tag="042"><subfield code="a">pcc</subfield></datafield><datafield ind1=" " ind2=" " tag="043"><subfield code="a">n-us-il</subfield></datafield><datafield ind1="0" ind2=" " tag="130"><subfield code="a">Leyden times (Chicago, Ill. : Northlake ed.)</subfield></datafield><datafield ind1="1" ind2="0" tag="245"><subfield code="a">Leyden times.</subfield></datafield><datafield ind1=" " ind2=" " tag="250"><subfield code="a">Northlake ed.</subfield></datafield><datafield ind1=" " ind2=" " tag="260"><subfield code="a">Chicago, Ill. :</subfield><subfield code="b">W.L. Johnson Pub. Co.</subfield></datafield><datafield ind1=" " ind2=" " tag="300"><subfield code="a">v.</subfield></datafield><datafield ind1=" " ind2=" " tag="310"><subfield code="a">Weekly</subfield></datafield><datafield ind1="1" ind2=" " tag="362"><subfield code="a">Began in 1966?</subfield></datafield><datafield ind1="0" ind2=" " tag="362"><subfield code="a">-Jan. 31, 1968.</subfield></datafield><datafield ind1=" " ind2=" " tag="500"><subfield code="a">Title serves: Franklin Park, Northlake, Schiller Park, Rosemont and unincorporated Leyden Township.</subfield></datafield><datafield ind1=" " ind2=" " tag="588"><subfield code="a">Description based on: July 6, 1966.</subfield></datafield><datafield ind1=" " ind2="0" tag="651"><subfield code="a">Franklin Park (Ill.)</subfield><subfield code="v">Newspapers.</subfield></datafield><datafield ind1=" " ind2="0" tag="651"><subfield code="a">Northlake (Ill.)</subfield><subfield code="v">Newspapers.</subfield></datafield><datafield ind1=" " ind2="0" tag="651"><subfield code="a">Schiller Park (Ill.)</subfield><subfield code="v">Newspapers.</subfield></datafield><datafield ind1=" " ind2="0" tag="651"><subfield code="a">Rosemont (Ill.)</subfield><subfield code="v">Newspapers.</subfield></datafield><datafield ind1=" " ind2="0" tag="651"><subfield code="a">Leyden (Ill. : Township)</subfield><subfield code="v">Newspapers.</subfield></datafield><datafield ind1=" " ind2="7" tag="651"><subfield code="a">Illinois</subfield><subfield code="z">Northlake.</subfield><subfield code="2">fast</subfield><subfield code="0">(OCoLC)fst01250363</subfield></datafield><datafield ind1=" " ind2="7" tag="655"><subfield code="a">Newspapers.</subfield><subfield code="2">fast</subfield><subfield code="0">(OCoLC)fst01423814</subfield></datafield><datafield ind1=" " ind2=" " tag="752"><subfield code="a">United States</subfield><subfield code="b">Illinois</subfield><subfield code="c">Cook</subfield><subfield code="d">Chicago.</subfield></datafield><datafield ind1="0" ind2=" " tag="775"><subfield code="t">Leyden times (Chicago, Ill. : 1966)</subfield><subfield code="w">(DLC)sn 93057123</subfield><subfield code="w">(OCoLC)29186445</subfield></datafield><datafield ind1="0" ind2=" " tag="775"><subfield code="t">Leyden times (Chicago, Ill. : Franklin Park ed.)</subfield><subfield code="w">(DLC)sn 93057125</subfield><subfield code="w">(OCoLC)29186440</subfield></datafield><datafield ind1="0" ind2="0" tag="785"><subfield code="t">Northlake times</subfield><subfield code="w">(DLC)sn 93057128</subfield><subfield code="w">(OCoLC)29186421</subfield></datafield></record>